%% examples of problems %%%%%%%%%%%%%%%%%%%%

@article{altiparmak2006genetic,
  title={A genetic algorithm approach for multi-objective optimization of supply chain networks},
  author={Altiparmak, Fulya and Gen, Mitsuo and Lin, Lin and Paksoy, Turan},
  journal={Computers \& industrial engineering},
  volume={51},
  number={1},
  pages={196--215},
  year={2006},
  publisher={Elsevier}
}

@article{elmusrati2008applications,
  title={Applications of multi-objective optimization techniques in radio resource scheduling of cellular communication systems},
  author={Elmusrati, Mohammed and El-Sallabi, Hassan and Koivo, Heikki},
  journal={IEEE Transactions on Wireless Communications},
  volume={7},
  number={1},
  pages={343--353},
  year={2008},
  publisher={IEEE}
}

@article{mastrocinque2013multi,
  title={A multi-objective optimization for supply chain network using the bees algorithm},
  author={Mastrocinque, Ernesto and Yuce, Baris and Lambiase, Alfredo and Packianather, Michael S},
  journal={International Journal of Engineering Business Management},
  volume={5},
  pages={38},
  year={2013},
  publisher={SAGE Publications Sage UK: London, England}
}

@article{bjornson2014multiobjective,
  title={Multiobjective signal processing optimization: The way to balance conflicting metrics in 5G systems},
  author={Bjornson, Emil and Jorswieck, Eduard Axel and Debbah, M{\'e}rouane and Ottersten, Bjorn},
  journal={IEEE Signal Processing Magazine},
  volume={31},
  number={6},
  pages={14--23},
  year={2014},
  publisher={IEEE}
}


@article{suttorp2006multi,
  title={Multi-objective optimization of support vector machines},
  author={Suttorp, Thorsten and Igel, Christian},
  journal={Multi-objective machine learning},
  pages={199--220},
  year={2006},
  publisher={Springer}
}

@inproceedings{zuluaga2013active,
  title={Active learning for multi-objective optimization},
  author={Zuluaga, Marcela and Sergent, Guillaume and Krause, Andreas and P{\"u}schel, Markus},
  booktitle={International conference on machine learning},
  pages={462--470},
  year={2013},
  organization={PMLR}
}

@article{sener2018multi,
  title={Multi-task learning as multi-objective optimization},
  author={Sener, Ozan and Koltun, Vladlen},
  journal={Advances in neural information processing systems},
  volume={31},
  year={2018}
}
@article{boada2016multi,
  title={Multi-objective optimization framework to obtain model-based guidelines for tuning biological synthetic devices: an adaptive network case},
  author={Boada, Yadira and Reynoso-Meza, Gilberto and Pic{\'o}, Jes{\'u}s and Vignoni, Alejandro},
  journal={BMC systems biology},
  volume={10},
  pages={1--19},
  year={2016},
  publisher={Springer}
}

@article{rangaiah2013multi,
  title={Multi-objective optimization in chemical engineering},
  author={Rangaiah, Gade Pandu and Petriciolet, AB},
  journal={Developments and applications/edited by Gade Pandu Rangaiah, Adri{\'a}n Bonilla-Petriciolet},
  year={2013},
  publisher={Wiley Online Library}
}

@article{marler2004survey,
  title={Survey of multi-objective optimization methods for engineering},
  author={Marler, R Timothy and Arora, Jasbir S},
  journal={Structural and multidisciplinary optimization},
  volume={26},
  pages={369--395},
  year={2004},
  publisher={Springer}
}

%%%%%%%%%%%%%%%%%%%%%%%%%%%%%%%%%%%%%%%%%%%%

@book{koksalan2011multiple,
  title={Multiple criteria decision making: from early history to the 21st century},
  author={K{\"o}ksalan, M Murat and Wallenius, Jyrki and Zionts, Stanley},
  year={2011},
  publisher={World Scientific}
}

@book{greco2006multiple,
  title={Multiple Criteria Decision Analysis: State of the Art Surveys},
  author={Greco, S.},
  isbn={9780387230818},
  lccn={2004059005},
  series={International Series in Operations Research \& Management Science},
  url={https://books.google.ru/books?id=lzyNasqOxAQC},
  year={2006},
  publisher={Springer New York}
}

%% методы восстановления парето фронта

@inproceedings{ngatchou2005pareto,
  title={Pareto multi objective optimization},
  author={Ngatchou, Patrick and Zarei, Anahita and El-Sharkawi, A},
  booktitle={Proceedings of the 13th international conference on, intelligent systems application to power systems},
  pages={84--91},
  year={2005},
  organization={IEEE}
}

@article{konak2006multi,
  title={Multi-objective optimization using genetic algorithms: A tutorial},
  author={Konak, Abdullah and Coit, David W and Smith, Alice E},
  journal={Reliability engineering \& system safety},
  volume={91},
  number={9},
  pages={992--1007},
  year={2006},
  publisher={Elsevier}
}


%% байесовские подходы
@inproceedings{suzuki2020multi,
  title={Multi-objective Bayesian optimization using Pareto-frontier entropy},
  author={Suzuki, Shinya and Takeno, Shion and Tamura, Tomoyuki and Shitara, Kazuki and Karasuyama, Masayuki},
  booktitle={International conference on machine learning},
  pages={9279--9288},
  year={2020},
  organization={PMLR}
}

@inproceedings{daulton2022multi,
  title={Multi-objective bayesian optimization over high-dimensional search spaces},
  author={Daulton, Samuel and Eriksson, David and Balandat, Maximilian and Bakshy, Eytan},
  booktitle={Uncertainty in Artificial Intelligence},
  pages={507--517},
  year={2022},
  organization={PMLR}
}

@incollection{miettinen2008introduction,
  title={Introduction to multiobjective optimization: interactive approaches},
  author={Miettinen, Kaisa and Ruiz, Francisco and Wierzbicki, Andrzej P},
  booktitle={Multiobjective optimization: interactive and evolutionary approaches},
  pages={27--57},
  year={2008},
  publisher={Springer}
}


%% методы восстановления направлений
@article{gebken2021efficient,
  title={An efficient descent method for locally Lipschitz multiobjective optimization problems},
  author={Gebken, Bennet and Peitz, Sebastian},
  journal={Journal of Optimization Theory and Applications},
  volume={188},
  number={3},
  pages={696--723},
  year={2021},
  publisher={Springer}
}

%%%%%% методы скаляризации

@article{gembicki1975approach,
  title={Approach to performance and sensitivity multiobjective optimization: The goal attainment method},
  author={Gembicki, F and Haimes, Y},
  journal={IEEE Transactions on Automatic control},
  volume={20},
  number={6},
  pages={769--771},
  year={1975},
  publisher={IEEE}
}


%% обзоры 

@book{miettinen1999nonlinear,
  title={Nonlinear multiobjective optimization},
  author={Miettinen, Kaisa},
  volume={12},
  year={1999},
  publisher={Springer Science \& Business Media}
}

@article{gunantara2018review,
  title={A review of multi-objective optimization: Methods and its applications},
  author={Gunantara, Nyoman},
  journal={Cogent Engineering},
  volume={5},
  number={1},
  pages={1502242},
  year={2018},
  publisher={Taylor \& Francis}
}


%% Lipshitz conditions of problems
@article{mangasarian1987lipschitz,
  title={Lipschitz continuity of solutions of linear inequalities, programs and complementarity problems},
  author={Mangasarian, Olvi L and Shiau, T-H},
  journal={SIAM Journal on Control and Optimization},
  volume={25},
  number={3},
  pages={583--595},
  year={1987},
  publisher={SIAM}
}

@article{banos1995linear,
  title={A linear programming approach to large-scale linear optimal control problems},
  author={Banos, JC Moreno and Papageorgiou, Markos},
  journal={IEEE transactions on automatic control},
  volume={40},
  number={5},
  pages={971--977},
  year={1995},
  publisher={IEEE}
}

@book{martin2012large,
  title={Large scale linear and integer optimization: a unified approach},
  author={Martin, Richard Kipp},
  year={2012},
  publisher={Springer Science \& Business Media}
}

@book{bazaraa2011linear,
  title={Linear programming and network flows},
  author={Bazaraa, Mokhtar S and Jarvis, John J and Sherali, Hanif D},
  year={2011},
  publisher={John Wiley \& Sons}
}

@article{shahrokhi1990maximum,
  title={The maximum concurrent flow problem},
  author={Shahrokhi, Farhad and Matula, David W},
  journal={Journal of the ACM (JACM)},
  volume={37},
  number={2},
  pages={318--334},
  year={1990},
  publisher={ACM New York, NY, USA}
}

@article{orlowski2010sndlib,
  title={SNDlib 1.0—Survivable network design library},
  author={Orlowski, Sebastian and Wess{\"a}ly, Roland and Pi{\'o}ro, Michal and Tomaszewski, Artur},
  journal={Networks: An International Journal},
  volume={55},
  number={3},
  pages={276--286},
  year={2010},
  publisher={Wiley Online Library}
}
